<?xml version="1.0" encoding="utf-8"?>
<record xmlns="http://www.loc.gov/MARC21/slim" xmlns:xsi="http://www.w3.org/2001/XMLSchema-instance" xsi:schemaLocation="http://www.loc.gov/MARC21/slim http://www.loc.gov/standards/marcxml/schema/MARC21slim.xsd">
	<leader>     nam a22     Mi 4500</leader>
	<controlfield tag="001">2761293</controlfield>
	<controlfield tag="003">NjP</controlfield>
	<controlfield tag="006">m        d        </controlfield>
	<controlfield tag="007">cr cn |||m|||a</controlfield>
	<controlfield tag="008">190815s1937    ua      o     000 0 arard</controlfield>
	<datafield ind1=" " ind2=" " tag="040">
		<subfield code="a">ZYU</subfield>
		<subfield code="b">ara</subfield>
		<subfield code="e">rda</subfield>
		<subfield code="c">ZYU</subfield>
	</datafield>
	<datafield ind1=" " ind2=" " tag="043">
		<subfield code="a">f-sj---</subfield>
	</datafield>
	<datafield ind1=" " ind2="4" tag="050">
		<subfield code="a">DT159.6.D27</subfield>
		<subfield code="b">Q26 1937</subfield>
	</datafield>
	<datafield ind1="1" ind2=" " tag="100">
		<subfield code="6">880-01</subfield>
		<subfield code="a">Qandīl, Ḥasan.</subfield>
	</datafield>
	<datafield ind1="1" ind2="0" tag="245">
		<subfield code="6">880-02</subfield>
		<subfield code="a">Fatḥ Dārfūr sanat 1916 M :</subfield>
		<subfield code="b">wa-nubdhah min tārīkh Sulṭānihā ʻAlī Dīnār /</subfield>
		<subfield code="c">li-Ḥasan Qandīl.</subfield>
	</datafield>
	<datafield ind1=" " ind2=" " tag="260">
		<subfield code="6">880-03</subfield>
		<subfield code="a">al-Iskandarīyah :</subfield>
		<subfield code="b">Maṭbaʻat al-ʻAdal,</subfield>
		<subfield code="c">1937.</subfield>
	</datafield>
	<datafield ind1=" " ind2=" " tag="300">
		<subfield code="a">online resource (49 pages)</subfield>
	</datafield>
	<datafield ind1=" " ind2=" " tag="336">
		<subfield code="a">text</subfield>
		<subfield code="2">rdacontent</subfield>
	</datafield>
	<datafield ind1=" " ind2=" " tag="337">
		<subfield code="a">computer</subfield>
		<subfield code="2">rdamedia</subfield>
	</datafield>
	<datafield ind1=" " ind2=" " tag="338">
		<subfield code="a">online resource</subfield>
		<subfield code="2">rdacarrier</subfield>
	</datafield>
	<datafield ind1=" " ind2=" " tag="500">
		<subfield code="a">Part of the Arabic Collections Online (ACO) project, contributed by Princeton University Libraries.</subfield>
	</datafield>
	<datafield ind1=" " ind2=" " tag="533">
		<subfield code="a">Electronic reproduction.</subfield>
		<subfield code="b">New York, N.Y. :</subfield>
		<subfield code="c">New York University,</subfield>
		<subfield code="d">2019.</subfield>
		<subfield code="5">NNU</subfield>
	</datafield>
	<datafield ind1="0" ind2="0" tag="600">
		<subfield code="6">880-04</subfield>
		<subfield code="a">ʻAlī Dīnār,</subfield>
		<subfield code="c">Sultan of Darfur,</subfield>
		<subfield code="d">-1916.</subfield>
	</datafield>
	<datafield ind1="1" ind2="7" tag="600">
		<subfield code="a">ʻAlī Dīnār (Darfur, Sultan)</subfield>
		<subfield code="0">(DE-588c)7722446-2.</subfield>
		<subfield code="2">swd</subfield>
	</datafield>
	<datafield ind1="0" ind2="7" tag="600">
		<subfield code="a">ʻAlī Dīnār,</subfield>
		<subfield code="c">Sultan of Darfur,</subfield>
		<subfield code="d">-1916.</subfield>
		<subfield code="2">fast</subfield>
		<subfield code="0">(OCoLC)fst01804101</subfield>
	</datafield>
	<datafield ind1="0" ind2="4" tag="600">
		<subfield code="6">880-05</subfield>
		<subfield code="a">ʻAlī Dīnār,</subfield>
		<subfield code="c">Sultan of Darfur,</subfield>
		<subfield code="d">-1916.</subfield>
	</datafield>
	<datafield ind1=" " ind2="0" tag="651">
		<subfield code="a">Darfur (Sudan)</subfield>
		<subfield code="x">History.</subfield>
	</datafield>
	<datafield ind1=" " ind2="7" tag="651">
		<subfield code="a">Darfur</subfield>
		<subfield code="2">gnd</subfield>
		<subfield code="0">(DE-588)4090906-2</subfield>
	</datafield>
	<datafield ind1=" " ind2="7" tag="651">
		<subfield code="a">Sudan</subfield>
		<subfield code="z">Darfur.</subfield>
		<subfield code="2">fast</subfield>
		<subfield code="0">(OCoLC)fst01208115</subfield>
	</datafield>
	<datafield ind1=" " ind2="7" tag="648">
		<subfield code="a">Geschichte 1916.</subfield>
		<subfield code="2">swd</subfield>
	</datafield>
	<datafield ind1=" " ind2="7" tag="655">
		<subfield code="a">History.</subfield>
		<subfield code="2">fast</subfield>
		<subfield code="0">(OCoLC)fst01411628</subfield>
	</datafield>
	<datafield ind1="2" ind2=" " tag="710">
		<subfield code="a">Princeton University.</subfield>
		<subfield code="b">Library.</subfield>
	</datafield>
	<datafield ind1="0" ind2=" " tag="730">
		<subfield code="a">Arabic Collections Online.</subfield>
	</datafield>
	<datafield ind1="0" ind2="8" tag="776">
		<subfield code="i">Online version:</subfield>
		<subfield code="a">Qandīl, Ḥasan.</subfield>
		<subfield code="t">Fatḥ Dārfūr sanat 1916 M.</subfield>
		<subfield code="d">al-Iskandarīyah : Maṭbaʻat al-ʻAdal, 1937</subfield>
		<subfield code="w">(OCoLC)602150429</subfield>
	</datafield>
	<datafield ind1="0" ind2="8" tag="776">
		<subfield code="i">Print version:</subfield>
		<subfield code="a">Qandīl, Ḥasan.</subfield>
		<subfield code="t">Fatḥ Dārfūr sanat 1916 M</subfield>
		<subfield code="w">(NjP)2761293</subfield>
		<subfield code="w">(DLC)ne 68003450 </subfield>
		<subfield code="w">(OCoLC)23489391</subfield>
	</datafield>
	<datafield ind1="4" ind2="0" tag="856">
		<subfield code="u">http://hdl.handle.net/2333.1/ngf1vs6m</subfield>
	</datafield>
	<datafield ind1="1" ind2=" " tag="880">
		<subfield code="6">100-01</subfield>
		<subfield code="a">قنديل، حسن.</subfield>
	</datafield>
	<datafield ind1="1" ind2="0" tag="880">
		<subfield code="6">245-02</subfield>
		<subfield code="a">فتح دارفور سنة 1916 م :</subfield>
		<subfield code="b">ونبذة من تاريخ سلطانها علي دينار /</subfield>
		<subfield code="c">لحسن قنديل.</subfield>
	</datafield>
	<datafield ind1=" " ind2=" " tag="880">
		<subfield code="6">260-03</subfield>
		<subfield code="a">الإسكندرية :</subfield>
		<subfield code="b">مطبعة العدل،</subfield>
		<subfield code="c">1937.</subfield>
	</datafield>
	<datafield ind1="0" ind2="4" tag="880">
		<subfield code="6">600-04</subfield>
		<subfield code="a">علي دينار،</subfield>
		<subfield code="c">Sultan of Darfur,</subfield>
		<subfield code="d">-1916.</subfield>
	</datafield>
	<datafield ind1="0" ind2="4" tag="880">
		<subfield code="6">600-05</subfield>
		<subfield code="a">علي دينار،</subfield>
		<subfield code="c">Sultan of Darfur,</subfield>
		<subfield code="d">-1916.</subfield>
	</datafield>
	<datafield ind1=" " ind2=" " tag="959">
		<subfield code="a">NNU</subfield>
		<subfield code="b">WEB</subfield>
		<subfield code="c">GENI</subfield>
		<subfield code="t">0</subfield>
		<subfield code="m">Electronic access</subfield>
		<subfield code="s">01</subfield>
	</datafield>
	<datafield ind1=" " ind2=" " tag="999">
		<subfield code="i">NjP_2761293</subfield>
		<subfield code="o">(OCoLC)ocm23489391</subfield>
		<subfield code="s">princeton_aco002304</subfield>
		<subfield code="s">princeton_aco002304</subfield>
	</datafield>
</record>
